@book {MR1311248,
    AUTHOR = {Nomizu, Katsumi and Sasaki, Takeshi},
     TITLE = {Affine differential geometry},
    SERIES = {Cambridge Tracts in Mathematics},
    VOLUME = {111},
      NOTE = {Geometry of affine immersions},
 PUBLISHER = {Cambridge University Press, Cambridge},
      YEAR = {1994},
     PAGES = {xiv+263},
      ISBN = {0-521-44177-3},
   MRCLASS = {53A15 (53-02)},
  MRNUMBER = {1311248},
MRREVIEWER = {Franki Dillen},
}

@article {MR1296393,
    AUTHOR = {Andrews, Ben},
     TITLE = {Harnack inequalities for evolving hypersurfaces},
   JOURNAL = {Math. Z.},
  FJOURNAL = {Mathematische Zeitschrift},
    VOLUME = {217},
      YEAR = {1994},
    NUMBER = {2},
     PAGES = {179--197},
      ISSN = {0025-5874},
     CODEN = {MAZEAX},
   MRCLASS = {58G30 (35K99 53A07 58E15)},
  MRNUMBER = {1296393 (95j:58178)},
MRREVIEWER = {Emmanuel Hebey},
       DOI = {10.1007/BF02571941},
       URL = {http://dx.doi.org/10.1007/BF02571941},
}

@article {MR1198607,
    AUTHOR = {Hamilton, Richard S.},
     TITLE = {The {H}arnack estimate for the {R}icci flow},
   JOURNAL = {J. Differential Geom.},
  FJOURNAL = {Journal of Differential Geometry},
    VOLUME = {37},
      YEAR = {1993},
    NUMBER = {1},
     PAGES = {225--243},
      ISSN = {0022-040X},
     CODEN = {JDGEAS},
   MRCLASS = {58E11 (53C21 58G11)},
  MRNUMBER = {1198607 (93k:58052)},
MRREVIEWER = {Wei Yue Ding},
       URL = {http://projecteuclid.org/getRecord?id=euclid.jdg/1214453430},
}

@article {MR1316556,
    AUTHOR = {Hamilton, Richard S.},
     TITLE = {Harnack estimate for the mean curvature flow},
   JOURNAL = {J. Differential Geom.},
  FJOURNAL = {Journal of Differential Geometry},
    VOLUME = {41},
      YEAR = {1995},
    NUMBER = {1},
     PAGES = {215--226},
      ISSN = {0022-040X},
     CODEN = {JDGEAS},
   MRCLASS = {53C21 (53A07 58G30)},
  MRNUMBER = {1316556 (95m:53055)},
MRREVIEWER = {Emmanuel Hebey},
       URL = {http://projecteuclid.org/euclid.jdg/1214456010},
}

@article {MR834612,
    AUTHOR = {Li, Peter and Yau, Shing-Tung},
     TITLE = {On the parabolic kernel of the {S}chr\"odinger operator},
   JOURNAL = {Acta Math.},
  FJOURNAL = {Acta Mathematica},
    VOLUME = {156},
      YEAR = {1986},
    NUMBER = {3-4},
     PAGES = {153--201},
      ISSN = {0001-5962},
     CODEN = {ACMAA8},
   MRCLASS = {58G11 (35J10)},
  MRNUMBER = {834612 (87f:58156)},
MRREVIEWER = {Harold Donnelly},
       DOI = {10.1007/BF02399203},
       URL = {http://dx.doi.org/10.1007/BF02399203},
}
